@misc{campbell_2017, title={PHP Development With Laravel – Comparing The Pros And Cons}, url={http://www.bitrebels.com/technology/php-development-laravel-pros-cons/}, journal={Bit Rebels}, author={Campbell, Russell}, year={2017}, month={Aug}} 

@misc{davis_2017, title={Pros and Cons: Digging into Amazon Web Services}, url={https://npifinancial.com/blog/pros-and-cons-digging-into-amazon-web-services/}, journal={NPI}, author={Davis, Kevin}, year={2017}, month={Jun}} 

@misc{intersog_2017, title={Developing Solutions in NodeJS vs Python: Pros and Cons}, url={https://medium.com/@Intersog/developing-solutions-in-nodejs-vs-python-pros-and-cons-4ab4cea68ff0}, journal={Intersog}, publisher={Medium}, author={Intersog}, year={2017}, month={Jul}} 

@misc{dojo_2016, title={Choosing Python Web Frameworks: Django and Flask}, url={https://www.codingdojo.com/blog/choosing-python-web-frameworks/}, journal={Coding Dojo Blog}, author={Dojo, AuthorCoding}, year={2016}, month={Feb}} 

@misc{goran_2016, title={Does It Matter Where My Server Is Physically Located?}, url={https://www.altushost.com/does-it-matter-where-my-server-is-physically-located/}, journal={AltusHost}, author={Goran}, year={2016}} 

@misc{long_2016, title={I Don't Speak Your Language: Frontend vs. Backend}, url={https://blog.teamtreehouse.com/i-dont-speak-your-language-frontend-vs-backend}, journal={Treehouse Blog}, publisher={Treehouse}, author={Long, Josh}, year={2016}, month={Dec}} 

@misc{malhotra_2018, title={Top 7 Backend Web Frameworks To Use In 2019 – Hacker Noon}, url={https://hackernoon.com/7-best-web-development-backend-frameworks-in-2018-22a5e276cdd}, journal={Hacker Noon}, publisher={Hacker Noon}, author={Malhotra, Mantra}, year={2018}, month={Jul}} 

@misc{o'dell_2010, title={8 Experts Break Down the Pros and Cons of Coding With PHP}, url={https://mashable.com/2010/11/19/pros-cons-php/#Z3fzcwiVSEqF}, journal={Mashable}, publisher={Mashable}, author={O'Dell, Jolie}, year={2010}, month={Nov}} 

@misc{poczwardowski_2018, title={Pros and Cons of Django - When to Use Python Framework}, url={https://www.netguru.co/blog/pros-and-cons-of-django-as-framework-for-python-development}, journal={Blog on Django}, publisher={Netguru }, author={Poczwardowski, Michał}, year={2018}, month={Jul}} 

@misc{tripathi_2018, title={Top 7 Backend Web Development Frameworks in 2018}, url={https://www.kelltontech.com/kellton-tech-blog/top-7-backend-web-development-frameworks-2018}, journal={Kellton Tech}, author={Tripathi, Sushil Kumar}, year={2018}, month={Mar}} 

@misc{aws, title={What is AWS? - Amazon Web Services}, url={https://aws.amazon.com/what-is-aws/}, journal={AWS}, publisher={Amazon}}