@misc{iosInterface,
    author = "Apple",
    title = "iOS Human Interface Guidelines",
    organization = {Apple},
    howpublished = "\url{https://developer.apple.com/design/human-interface-guidelines/ios/overview/themes/}"}
    
@misc{androidInterface,
    author = "Google",
    title = "Material Design",
    organization = {Google},
    howpublished = "\url{https://material.io/design/}"}
    
@misc{globalStats,
    author = "StatCounter",
    title = "Mobile Operating System Market Share Worldwide",
    organization = {StatCounter},
    howpublished = "\url{http://gs.statcounter.com/os-market-share/mobile/worldwide}"}
    
@misc{electron,
    author = "Electron",
    title = "Build cross platform desktop apps with JavaScript, HTML, and CSS",
    organization = {Electron},
    howpublished = "\url{https://electronjs.org}"}

@misc{NWjs,
    author = "NW.js",
    title = "NW.js (previously known as node-webkit) lets you call all Node.js modules directly from DOM and enables a new way of writing applications with all Web technologies.",
    organization = {NW.js},
    howpublished = "\url{https://nwjs.io}"}
    
@misc{meteor,
    author = "Meteor",
    title = "Meteor is an open source platform for web, mobile, and desktop.",
    organization = {Meteor},
    howpublished = "\url{https://www.meteor.com}"}