@Electronic{e1,
	author = {Cody Arsenault},
	title = {The Pros and Cons of 8 Popular Databases},
	howpublished = {\url{https://www.keycdn.com/blog/popular-databases}},
	year = {2017}
}

@Electronic{e2,
	author = {{MySQL}},
	title = {1.3.1 What is MySQL?},
	howpublished = {\url{https://dev.mysql.com/doc/refman/8.0/en/what-is-mysql.html}},
	year = {2018}
}

@Electronic{e3,
	author = {{MongoDB}},
	title = {What is MongoDB?},
	howpublished = {\url{https://www.mongodb.com/what-is-mongodb}},
	year = {2018}
}

@Electronic{e4,
	author = {{MongoDB}},
	title = {Document Databases},
	howpublished = {\url{https://www.mongodb.com/document-databases}},
	year = {2018}
}

@Electronic{e5,
	author = {{PostgreSQL}},
	title = {About},
	howpublished = {\url{https://www.postgresql.org/about/}},
	year = {2018}
}

@Electronic{e6,
	author = {{usability.gov}},
	title = {Card Sorting},
	howpublished = {\url{https://www.usability.gov/how-to-and-tools/methods/card-sorting.html}},
	year = {2018}
}

@Electronic{e7,
	author = {{Interaction Design Foundation}},
	title = {The Pros and Cons of Card Sorting in UX Research},
	howpublished = {\url{https://www.interaction-design.org/literature/article/the-pros-and-cons-of-card-sorting-in-ux-research}},
	year = {2016}
}

@Electronic{e8,
	author = {Christopher Ratcliff},
	title = {23 Quantitative and Qualitative User Research Methods: A Comprehensive Guide},
	howpublished = {\url{https://www.userzoom.com/blog/quantitative-and-qualitative-user-research-methods-complete-guide/}},
	year = {2018}
}

@Electronic{e9,
	author = {Brad Smith},
	title = {Bluehost Review},
	howpublished = {\url{https://hostingfacts.com/hosting-reviews/bluehost/}},
	year = {2018}
}

@Electronic{e10,
	author = {Mark McCue},
	title = {Benefits of Having Your Own Web Server},
	howpublished = {\url{https://www.digiayemedia.co.uk/2017/01/24/benefits-web-server/}},
	year = {2017}
}

@Electronic{e11,
	author = {{IBM}},
	title = {Dedicated servers:
Where enterprise-grade power can be provisioned in minutes},
	howpublished = {\url{https://www.ibm.com/cloud/info/dedicated-servers}},
	year = {2017}
}