@Electronic{1,
	author = {Daniel Terdiman},
	title = {Meet the renegade who’s teaching the world to fix totaled Teslas},
	howpublished = {\url{https://www.fastcompany.com/90209541/meet-the-renegade-whos-teaching-the-world-to-fix-totaled-teslas}},
	year = {2018}
}

@Electronic{e2,
	author = {{MySQL}},
	title = {1.3.1 What is MySQL?},
	howpublished = {\url{https://dev.mysql.com/doc/refman/8.0/en/what-is-mysql.html}},
	year = {2018}
}
@Electronic{API,
	author = {Tim Dorr},
	title ={teslajs},
	howpublished = {\url{https://tesla-api.timdorr.com/}},
	year = {}
}
@Electronic{WAF,
	author = {},
	title ={What does the Web Application Firewall (WAF) do?},
	howpublished = {\url{https://support.cloudflare.com/hc/en-us/articles/200172016-What-does-the-Web-Application-Firewall-WAF-do-}},
	year = {2018}
}
@Electronic{HTTPS,
	author = {},
	title ={What is HTTPS?},
	howpublished = {\url{https://www.instantssl.com/ssl-certificate-products/https.html}},
	year = {}
}
@misc{tripathi_2018, title={Top 7 Backend Web Development Frameworks in 2018}, url={https://www.kelltontech.com/kellton-tech-blog/top-7-backend-web-development-frameworks-2018}, journal={Kellton Tech}, author={Tripathi, Sushil Kumar}, year={2018}, month={Mar}} 

@misc{intersog_2017, title={Developing Solutions in NodeJS vs Python: Pros and Cons}, url={https://medium.com/@Intersog/developing-solutions-in-nodejs-vs-python-pros-and-cons-4ab4cea68ff0}, journal={Intersog}, publisher={Medium}, author={Intersog}, year={2017}, month={Jul}} 

@misc{malhotra_2018, title={Top 7 Backend Web Frameworks To Use In 2019 – Hacker Noon}, url={https://hackernoon.com/7-best-web-development-backend-frameworks-in-2018-22a5e276cdd}, journal={Hacker Noon}, publisher={Hacker Noon}, author={Malhotra, Mantra}, year={2018}, month={Jul}} 
