@Electronic{1,
	author = {Daniel Terdiman},
	title = {Meet the renegade whoâ€™s teaching the world to fix totaled Teslas},
	howpublished = {\url{https://www.fastcompany.com/90209541/meet-the-renegade-whos-teaching-the-world-to-fix-totaled-teslas}},
	year = {2018}
}
@Electronic{2,
	author = {Tim Dorr},
	title = {Tesla JSON API (Unofficial)},
	howpublished = {\url{https://tesla-api.timdorr.com/api-basics/vehicles}},
	year = {2018}
}
