@book{r1,
  author        = "Marshal Kirk McCusick and George V. Neville-Neil",
  title         = "Design and Implementation of the FreeBSD Operating System",
  edition       = "Second",
  publisher     = "Addison-Wesley",
  year          = "2015"
}

@book{r2,
  author        = "Mark Russinovich and David Solomon and Alex Ionescu",
  title         = "Windows Internals, Part 1",
  edition       = "Sixth",
  publisher     = "Microsoft Press",
  year          = "2012"
}

@book{r3,
  author        = "Mark Russinovich and David Solomon and Alex Ionescu",
  title         = "Windows Internals, Part 2",
  edition       = "Sixth",
  publisher     = "Microsoft Press",
  year          = "2012"
}

@book{r4,
  author        = "Robert Love",
  title         = "Linux Kernel Development",
  edition       = "Third",
  publisher     = "Addison-Wesley",
  year          = "2010"
}
