@online{r1,
  author        = {Daniel Terdiman},
  title         = {Meet the Renegade Who's Teaching the World to Fix Totaled Teslas},
  year       	= {2018},
  url		    = {https://www.fastcompany.com/90209541/meet-the-renegade-whos-teaching-the-world-to-fix-totaled-teslas},
  urldate       = {2018-10-10}
}