@Electronic{1,
	author = {Jordan Walke},
	title = {React, A JavaScript library for building user interfaces},
	howpublished = {\url{https://reactjs.org/}},
	year = {2018}
}
@Electronic{2,
	author = {Jordan Walke},
	title = {Virtual DOM and Internals},
	howpublished = {\url{https://reactjs.org/docs/faq-internals.html}},
	year = {2018}
}
@Electronic{3,
	author = {Mark Otto, and Jacob Thornton},
	title = {Bootstrap},
	howpublished = {\url{https://getbootstrap.com/}},
	year = {2018}
}
@Electronic{4,
	author = {Bogdan Sandu},
	title = {The Case Against Using Bootstrap To Design Websites},
	howpublished = {\url{https://www.designyourway.net/blog/inspiration/the-case-against-using-bootstrap-to-design-websites/}},
	year = {2018}
}
@Electronic{5,
	author = {John Resig},
	title = {jQuery},
	howpublished = {\url{https://jquery.com/}},
	year = {2018}
}
@Electronic{6,
	author = {Jakob Jenkov},
	title = {jQuery Critique},
	howpublished = {\url{http://tutorials.jenkov.com/jquery/critique.html}},
	year = {2014}
}
@BOOK{7,
  TITLE = {JavaScript},
  SUBTITLE = {The definitive guide},
  AUTHOR = {Flanagan, David},
  YEAR = {2011},
  PUBLISHER = {O'Reilly},
}
@Electronic{8,
	author = {Brian Jackson},
	title = {CSS Preprocessors â€“ Sass vs LESS},
	howpublished = {\url{https://www.keycdn.com/blog/sass-vs-less}},
	year = {2017}
}
@Electronic{9,
	author = {Mozilla},
	title = {"Mozilla Cross-Site Scripting Vulnerability Reported and Fixed - MozillaZine Talkback"},
	howpublished = {\url{http://www.mozillazine.org/talkback.html?article=4392}},
	year = {2004}
}
@Electronic{10,
	author = {Digital Ocean},
	title = {"Digital Ocean: Cloud Computing, Simplicity at Scale"},
	howpublished = {\url{https://www.digitalocean.com/}},
	year = {2018}
}
@Electronic{11,
	author = {Amazon},
	title = {"Lightsail Features"},
	howpublished = {\url{https://aws.amazon.com/lightsail/features/}},
	year = {2018}
}
@Electronic{12,
	author = {Kevin Davis},
	title = {"Pros and Cons: Digging into Amazon Web Services"},
	howpublished = {\url{https://npifinancial.com/blog/pros-and-cons-digging-into-amazon-web-services/}},
	year = {2014}
}
@Electronic{13,
	author = {Amazon},
	title = {"Lightsail Pricing"},
	howpublished = {\url{https://aws.amazon.com/lightsail/pricing/}},
	year = {2018}
}
@Electronic{14,
	author = {Michael George Keating},
	title = {"5 Benefits of a Mobile Website"},
	howpublished = {\url{https://www.ereach.net/5-benefits-of-a-mobile-website/}},
	year = {2018}
}
